<?xml version="1.0" encoding="UTF-8"?><collection xmlns="http://www.loc.gov/MARC21/slim"><record><leader>00501nam--2200181-i-4500</leader><controlfield tag="001">000006368</controlfield><controlfield tag="002">20161230</controlfield><controlfield tag="005">20161230201026</controlfield><controlfield tag="008">060222s1000------------r-----000-0-eng-d</controlfield><datafield ind1=" " ind2=" " tag="040"><subfield code="a">IFIN-HH</subfield></datafield><datafield ind1=" " ind2=" " tag="080"><subfield code="a">519.283:681.3.06</subfield></datafield><datafield ind1="1" ind2=" " tag="100"><subfield code="a">Bellman, Richard E</subfield></datafield><datafield ind1="1" ind2="0" tag="245"><subfield code="a">Applied dynamic programming</subfield><subfield code="c">Richard e. bellman, stuart e. dreyfus</subfield></datafield><datafield ind1=" " ind2=" " tag="260"><subfield code="a">Princeton</subfield><subfield code="b">University Press</subfield><subfield code="c">1962</subfield></datafield><datafield ind1=" " ind2=" " tag="300"><subfield code="a">XXII + 363 P</subfield></datafield><datafield ind1="1" ind2=" " tag="700"><subfield code="a">Dreyfus, S.E</subfield></datafield><datafield ind1=" " ind2=" " tag="852"><subfield code="a">18836</subfield><subfield code="c">519.283</subfield></datafield><datafield ind1=" " ind2=" " tag="CAT"><subfield code="a">Sys</subfield><subfield code="c">20130806</subfield><subfield code="h">175309</subfield></datafield></record></collection>